@article{art:perez13:tvl1,
    title   = {{TV-L1 Optical Flow Estimation}},
    author  = {Sánchez Pérez, Javier and Meinhardt-Llopis, Enric and Facciolo, Gabriele},
    journal = {{Image Processing On Line}},
    volume  = {3},
    pages   = {137--150},
    year    = {2013},
    doi     = {10.5201/ipol.2013.26},
}

@article{art:kim13:lfields,
 author = {Kim, Changil and Zimmer, Henning and Pritch, Yael and Sorkine-Hornung, Alexander and Gross, Markus},
 title = {Scene Reconstruction from High Spatio-angular Resolution Light Fields},
 journal = {ACM Trans. Graph.},
 issue_date = {July 2013},
 volume = {32},
 number = {4},
 month = jul,
 year = {2013},
 issn = {0730-0301},
 pages = {73:1--73:12},
 articleno = {73},
 numpages = {12},
 url = {http://doi.acm.org/10.1145/2461912.2461926},
 doi = {10.1145/2461912.2461926},
 acmid = {2461926},
 publisher = {ACM},
 address = {New York, NY, USA},
 keywords = {image-based scene reconstruction, light fields},
} 

